<record><leader>00000cas a22000007a 4500</leader><controlfield tag="001">30091346</controlfield><controlfield tag="008">940405c19919999okudr ne      0    0eng d</controlfield><controlfield tag="009">15907</controlfield><datafield ind1=" " ind2=" " tag="010"><subfield code="a">sn 94058785 </subfield></datafield><datafield ind1=" " ind2=" " tag="040"><subfield code="a">OBN</subfield><subfield code="b">eng</subfield><subfield code="c">OBN</subfield><subfield code="d">OCL</subfield><subfield code="d">OCLCQ</subfield></datafield><datafield ind1="1" ind2=" " tag="029"><subfield code="a">AU@</subfield><subfield code="b">000010972770</subfield></datafield><datafield ind1=" " ind2=" " tag="042"><subfield code="a">msc</subfield></datafield><datafield ind1="0" ind2=" " tag="130"><subfield code="a">Tahlequah daily press (Tahlequah, Okla. : 1991)</subfield></datafield><datafield ind1="0" ind2="0" tag="245"><subfield code="a">Tahlequah daily press.</subfield></datafield><datafield ind1="1" ind2="7" tag="246"><subfield code="a">Daily press</subfield></datafield><datafield ind1="1" ind2="7" tag="246"><subfield code="a">Tahlequah weekend daily press</subfield></datafield><datafield ind1=" " ind2=" " tag="260"><subfield code="a">Tahlequah, Okla. :</subfield><subfield code="b">B. Sugg</subfield></datafield><datafield ind1=" " ind2=" " tag="300"><subfield code="a">v.</subfield></datafield><datafield ind1=" " ind2=" " tag="310"><subfield code="a">Daily (except Monday and Saturday)</subfield></datafield><datafield ind1="0" ind2=" " tag="362"><subfield code="a">Vol. 28, no. 19 (Jan. 27, 1991)-</subfield></datafield><datafield ind1=" " ind2="4" tag="651"><subfield code="a">Tahlequah (Okla.)</subfield><subfield code="v">Newspapers.</subfield></datafield><datafield ind1=" " ind2="4" tag="651"><subfield code="a">Cherokee County (Okla.)</subfield><subfield code="v">Newspapers.</subfield></datafield><datafield ind1=" " ind2=" " tag="752"><subfield code="a">United States</subfield><subfield code="b">Oklahoma</subfield><subfield code="c">Cherokee</subfield><subfield code="d">Tahlequah.</subfield></datafield><datafield ind1="0" ind2="0" tag="780"><subfield code="t">Tahlequah daily pictorial press (Tahlequah, Okla. : 1985)</subfield><subfield code="w">(DLC) 94058784</subfield><subfield code="w">(OCoLC)30091296</subfield></datafield></record>